<?xml version="1.0" encoding="UTF-8"?><collection xmlns="http://www.loc.gov/MARC21/slim"><record><leader>00525nam--2200205-u-4500</leader><controlfield tag="001">000050717</controlfield><controlfield tag="002">20161230</controlfield><controlfield tag="005">20161230201048</controlfield><controlfield tag="008">080324s1000------------r-----000-0-eng-d</controlfield><datafield ind1=" " ind2=" " tag="020"><subfield code="a">1580538185</subfield></datafield><datafield ind1=" " ind2=" " tag="040"><subfield code="a">IFIN-HH</subfield></datafield><datafield ind1=" " ind2=" " tag="080"><subfield code="a">538.9:621.3.049.77</subfield></datafield><datafield ind1="1" ind2=" " tag="100"><subfield code="a">Nabok,Alexei</subfield></datafield><datafield ind1="1" ind2="0" tag="245"><subfield code="a">Organic and Inorganic Nanostructures</subfield><subfield code="c">Alexei Nabok</subfield></datafield><datafield ind1=" " ind2=" " tag="260"><subfield code="a">Boston</subfield><subfield code="b">Artech House</subfield><subfield code="c">2005</subfield></datafield><datafield ind1=" " ind2=" " tag="300"><subfield code="a">268 p</subfield></datafield><datafield ind1=" " ind2=" " tag="490"><subfield code="a">Nanotechnology Series</subfield></datafield><datafield ind1=" " ind2="4" tag="650"><subfield code="a">Nanostructures</subfield></datafield><datafield ind1=" " ind2=" " tag="852"><subfield code="c">538.9</subfield></datafield><datafield ind1=" " ind2=" " tag="CAT"><subfield code="a">Sys</subfield><subfield code="c">20110104</subfield><subfield code="h">140212</subfield></datafield></record></collection>